/Users/jmft2/Documents/granular-mechanics/granular-mechanics.bib